@misc{NewSSLContext,
  author       = {The OpenSSL Project Authors},
  title        = {SSL\_CTX\_new},
  howpublished = {[online]},
  url          = {https://docs.openssl.org/master/man3/SSL_CTX_new}
}

@misc{ClientMethod,
  author       = {The OpenSSL Project Authors},
  title        = {SSL\_CTX\_new},
  howpublished = {[online]},
  url          = {https://docs.openssl.org/master/man3/SSL_CTX_new/#notes}
}

@misc{VerifyLocations,
  author       = {The OpenSSL Project Authors},
  title        = {SSL\_CTX\_load\_verify\_locations},
  howpublished = {[online]},
  url          = {https://docs.openssl.org/3.0/man3/SSL_CTX_load_verify_locations/#synopsis}
}

@misc{SSLNew,
  author       = {The OpenSSL Project Authors},
  title        = {SSL\_new},
  howpublished = {[online]},
  url          = {https://docs.openssl.org/master/man3/SSL_new/#description}
}

@misc{SSLSetFd,
  author       = {The OpenSSL Project Authors},
  title        = {SSL\_set\_fd},
  howpublished = {[online]},
  url          = {https://docs.openssl.org/master/man3/SSL_set_fd/}
}

@misc{SSLConnect,
  author       = {The OpenSSL Project Authors},
  title        = {SSL\_connect},
  howpublished = {[online]},
  url          = {https://docs.openssl.org/1.0.2/man3/SSL_connect/}
}